@book{labour,
    author = "Дзюндзюк Б. В. and Иванов В. Г. and Клименко В. Н.",
    publisher = "Х.: ХНУРЭ",
    title = "Охрана труда. Сборник задач: Учеб. пособие",
    year = "2006",
    pages = 244,
    language = "russian",
}
